<?xml version="1.0" encoding="UTF-8"?><collection xmlns="http://www.loc.gov/MARC21/slim"><record><leader>00515nam--2200181-u-4500</leader><controlfield tag="001">000056489</controlfield><controlfield tag="002">20161230</controlfield><controlfield tag="005">20170106153050</controlfield><controlfield tag="008">151030s1000------------r-----000-0-rus-d</controlfield><datafield ind1=" " ind2=" " tag="040"><subfield code="a">IFIN-HH</subfield></datafield><datafield ind1=" " ind2=" " tag="041"><subfield code="a">rus</subfield></datafield><datafield ind1=" " ind2=" " tag="080"><subfield code="a">535.338.3</subfield></datafield><datafield ind1="1" ind2=" " tag="100"><subfield code="a">Kalinin, S. K</subfield></datafield><datafield ind1="1" ind2="0" tag="245"><subfield code="a">Atlas spektralnih linii. Oblasti 2095 - 1840 a</subfield><subfield code="c">S.K. Kalinin, V.L. Marzuvanov, T.B. Bekbaulova</subfield></datafield><datafield ind1=" " ind2=" " tag="260"><subfield code="a">Alma-Ata</subfield><subfield code="b">Akademia Nauk Kazahskoi SSR</subfield><subfield code="c">1960</subfield></datafield><datafield ind1=" " ind2=" " tag="300"><subfield code="a">270.+PLANSE</subfield></datafield><datafield ind1=" " ind2=" " tag="852"><subfield code="a">7672</subfield><subfield code="c">53.081</subfield></datafield><datafield ind1=" " ind2=" " tag="CAT"><subfield code="a">SYS</subfield><subfield code="c">20170106</subfield><subfield code="h">153050</subfield></datafield></record></collection>